% documentatie: https://www.overleaf.com/learn/latex/Bibliography_management_with_bibtex

@online{Zumo-bot,
    title   = "Zumo-bot",
    url     = "https://www.pololu.com/category/129/zumo-robots-and-accessories",
}

@online{COCO-dataset,
    title   = "Coco-dataset",
    url     = "https://cocodataset.org",
}

@online{React,
    title   = "React",
    url     = "https://reactjs.org/",
}

@online{OpenCV,
    title   = "OpenCV",
    url     = "https://opencv.org/",
}

@online{Tensorflow-Lite,
    title   = "Tensorflow Lite",
    url     = "https://www.tensorflow.org/lite/",
}

@online{Google-Coral,
    title   = "Google Coral",
    url     = "https://www.coral.ai/",
}

@online{EdjeElectronics,
    title   = "EdjeElectronics Tutorial",
    url     = "https://github.com/EdjeElectronics/TensorFlow-Lite-Object-Detection-on-Android-and-Raspberry-Pi",
}

@online{Flask,
    title   = "Flask",
    url     = "https://flask.palletsprojects.com",
}

@online{Raspberry-Pi,
    title   = "Raspberry Pi",
    url     = "https://www.raspberrypi.org/",
}

@online{ibeacon,
    title   = "iBeacon",
    url     = "https://developer.apple.com/ibeacon/"
}

@online{beacontools,
    title   = "Beacontools",
    url     = "https://pypi.org/project/beacontools/"
}

@online{Arduino-Uno,
    title   = "Arduino Uno",
    url     = "https://store.arduino.cc/arduino-uno-rev3"
}